[gd_scene load_steps=6 format=2]

[ext_resource path="res://Map/Tileset.tscn" type="PackedScene" id=1]
[ext_resource path="res://Map/Base_Room/Base_Room.gd" type="Script" id=2]
[ext_resource path="res://Map/Base_Room/Pause.gd" type="Script" id=3]
[ext_resource path="res://Assets/Fonts/phatone/Phatone-Regular.otf" type="DynamicFontData" id=4]

[sub_resource type="DynamicFont" id=1]
size = 32
font_data = ExtResource( 4 )

[node name="Base_Room" type="Node2D"]
script = ExtResource( 2 )

[node name="Walls" parent="." instance=ExtResource( 1 )]
tile_data = PoolIntArray( 0, 3, 0, 1, 1, 0, 2, 1, 0, 3, 1, 0, 4, 1, 0, 5, 1, 0, 6, 1, 0, 7, 1, 0, 8, 1, 0, 9, 1, 0, 10, 1, 0, 11, 1, 0, 12, 1, 0, 13, 1, 0, 14, 1, 0, 15, 1, 0, 16, 1, 0, 17, 1, 0, 18, 1, 0, 19, 4, 0, 65536, 8, 0, 65555, 5, 0, 131072, 8, 0, 131091, 5, 0, 196608, 8, 0, 196627, 5, 0, 262144, 8, 0, 262163, 5, 0, 327680, 8, 0, 327699, 5, 0, 393216, 8, 0, 393235, 5, 0, 458752, 8, 0, 458771, 5, 0, 524288, 8, 0, 524307, 5, 0, 589824, 8, 0, 589843, 5, 0, 655360, 10, 0, 655361, 9, 0, 655362, 9, 0, 655363, 9, 0, 655364, 9, 0, 655365, 9, 0, 655366, 9, 0, 655367, 9, 0, 655368, 9, 0, 655369, 9, 0, 655370, 9, 0, 655371, 9, 0, 655372, 9, 0, 655373, 9, 0, 655374, 9, 0, 655375, 9, 0, 655376, 9, 0, 655377, 9, 0, 655378, 9, 0, 655379, 6, 0 )

[node name="Enemies" type="Node2D" parent="."]

[node name="CanvasLayer" type="CanvasLayer" parent="."]
layer = 100

[node name="Pause" type="Control" parent="CanvasLayer"]
pause_mode = 2
margin_right = 40.0
margin_bottom = 40.0
script = ExtResource( 3 )
__meta__ = {
"_edit_use_anchors_": false
}

[node name="ColorRect" type="ColorRect" parent="CanvasLayer/Pause"]
modulate = Color( 0, 0, 0, 0 )
margin_right = 1280.0
margin_bottom = 720.0
__meta__ = {
"_edit_use_anchors_": false
}

[node name="Tween" type="Tween" parent="CanvasLayer/Pause"]

[node name="Label" type="Label" parent="CanvasLayer/Pause"]
visible = false
margin_left = 544.0
margin_top = 288.0
margin_right = 736.0
margin_bottom = 368.0
rect_pivot_offset = Vector2( 96, 32 )
custom_fonts/font = SubResource( 1 )
text = "PAUSE"
align = 1
__meta__ = {
"_edit_use_anchors_": false
}
[connection signal="tween_all_completed" from="CanvasLayer/Pause/Tween" to="CanvasLayer/Pause" method="_on_Tween_tween_all_completed"]
