[gd_scene load_steps=5 format=2]

[ext_resource path="res://Entities/Guns/Fireball/Ball.gd" type="Script" id=1]
[ext_resource path="res://Assets/Tilesheet/monochrome_transparent.png" type="Texture" id=2]

[sub_resource type="CapsuleShape2D" id=1]
radius = 17.3521
height = 27.3723

[sub_resource type="CircleShape2D" id=2]
radius = 97.5628

[node name="Ball" type="Node2D"]
script = ExtResource( 1 )

[node name="CPUParticles2D2" type="CPUParticles2D" parent="."]
position = Vector2( -5, 0 )
amount = 25
preprocess = 10.0
gravity = Vector2( -98, 0 )
initial_velocity = 15.0
linear_accel = 30.0
scale_amount = 3.0

[node name="Sprite" type="Sprite" parent="."]
rotation = 2.35619
scale = Vector2( 4, 4 )
texture = ExtResource( 2 )
vframes = 22
hframes = 48
frame = 557

[node name="Hitbox" type="Area2D" parent="."]
collision_layer = 8
collision_mask = 6

[node name="CollisionShape2D" type="CollisionShape2D" parent="Hitbox"]
rotation = 1.5708
shape = SubResource( 1 )

[node name="Explosion" type="Area2D" parent="."]
scale = Vector2( 1e-05, 1e-05 )
collision_layer = 8
collision_mask = 6

[node name="CollisionShape2D" type="CollisionShape2D" parent="Explosion"]
shape = SubResource( 2 )

[node name="CPUParticles2D" type="CPUParticles2D" parent="."]
emitting = false
amount = 60
lifetime = 0.75
one_shot = true
explosiveness = 0.7
spread = 180.0
gravity = Vector2( 0, 0 )
initial_velocity = 100.0
scale_amount = 4.0

[node name="Tween" type="Tween" parent="."]

[node name="VisibilityNotifier2D" type="VisibilityNotifier2D" parent="."]
position = Vector2( 5.75, 0.250001 )
scale = Vector2( 1.825, 1.225 )
[connection signal="body_entered" from="Hitbox" to="." method="_on_Hitbox_body_entered"]
[connection signal="body_entered" from="Explosion" to="." method="_on_Explosion_body_entered"]
[connection signal="tween_all_completed" from="Tween" to="." method="_on_Tween_tween_all_completed"]
[connection signal="screen_exited" from="VisibilityNotifier2D" to="." method="_on_VisibilityNotifier2D_screen_exited"]
