[gd_scene load_steps=6 format=2]

[ext_resource path="res://Entities/Boss/Pieces/Base/Base_Mouth/Base_Mouth.tscn" type="PackedScene" id=1]
[ext_resource path="res://Entities/Enemies/Bee/Bee.tscn" type="PackedScene" id=2]
[ext_resource path="res://Util/Sprite.tscn" type="PackedScene" id=3]

[sub_resource type="CapsuleShape2D" id=1]
radius = 19.1884
height = 63.4052

[sub_resource type="Animation" id=2]
length = 8.0
loop = true
tracks/0/type = "value"
tracks/0/path = NodePath("Lower_Right:rotation_degrees")
tracks/0/interp = 2
tracks/0/loop_wrap = true
tracks/0/imported = false
tracks/0/enabled = true
tracks/0/keys = {
"times": PoolRealArray( 0.5, 1, 1.5, 3, 3.5, 5, 5.5, 6.5, 7, 7.7, 8 ),
"transitions": PoolRealArray( 1, 1, 1, 1, 1, 1, 1, 1, 1, 1, 1 ),
"update": 0,
"values": [ -120.0, -96.9771, -108.867, -96.9771, -108.867, -96.9771, -108.867, -96.9771, -108.867, -96.9771, -120.0 ]
}
tracks/1/type = "value"
tracks/1/path = NodePath("Upper:rotation_degrees")
tracks/1/interp = 2
tracks/1/loop_wrap = true
tracks/1/imported = false
tracks/1/enabled = true
tracks/1/keys = {
"times": PoolRealArray( 0.5, 1, 1.5, 3, 3.5, 5, 5.5, 6.5, 7, 7.7, 8 ),
"transitions": PoolRealArray( 1, 1, 1, 1, 1, 1, 1, 1, 1, 1, 1 ),
"update": 0,
"values": [ 60.0, 81.8922, 70.5861, 81.8922, 70.5861, 81.8922, 70.5861, 81.8922, 70.5861, 81.8922, 60.0 ]
}
tracks/2/type = "value"
tracks/2/path = NodePath("Lower:rotation_degrees")
tracks/2/interp = 2
tracks/2/loop_wrap = true
tracks/2/imported = false
tracks/2/enabled = true
tracks/2/keys = {
"times": PoolRealArray( 0.5, 1, 1.5, 3, 3.5, 5, 5.5, 6.5, 7, 7.7, 8 ),
"transitions": PoolRealArray( 1, 1, 1, 1, 1, 1, 1, 1, 1, 1, 1 ),
"update": 0,
"values": [ 120.0, 96.1797, 108.482, 96.1797, 108.482, 96.1797, 108.482, 96.1797, 108.482, 96.1797, 120.0 ]
}
tracks/3/type = "value"
tracks/3/path = NodePath("Upper_Right:rotation_degrees")
tracks/3/interp = 2
tracks/3/loop_wrap = true
tracks/3/imported = false
tracks/3/enabled = true
tracks/3/keys = {
"times": PoolRealArray( 0.5, 1, 1.5, 3, 3.5, 5, 5.5, 6.5, 7, 7.7, 8 ),
"transitions": PoolRealArray( 1, 1, 1, 1, 1, 1, 1, 1, 1, 1, 1 ),
"update": 0,
"values": [ -60.0, -83.3434, -71.2878, -83.3434, -71.2878, -83.3434, -71.2878, -83.3434, -71.2878, -83.3434, -60.0 ]
}

[node name="Test_Mouth" instance=ExtResource( 1 )]
max_health = 10
monster = ExtResource( 2 )

[node name="Body" parent="." index="0"]
rotation = 1.5708
shape = SubResource( 1 )

[node name="Spawn_Timer" parent="." index="1"]
wait_time = 8.0

[node name="Upper" parent="." index="2" instance=ExtResource( 3 )]
modulate = Color( 0.0509804, 0.619608, 0.0313726, 1 )
position = Vector2( -65, 0 )
rotation = 1.23196
scale = Vector2( 4, 6 )
offset = Vector2( 0.5, -6 )
frame = 49

[node name="Upper_Right" parent="." index="3" instance=ExtResource( 3 )]
modulate = Color( 0.0509804, 0.619608, 0.0313726, 1 )
position = Vector2( 65, 0 )
rotation = -1.24421
scale = Vector2( 4, 6 )
offset = Vector2( 0.5, -6 )
frame = 49

[node name="Lower" parent="." index="4" instance=ExtResource( 3 )]
modulate = Color( 0.0509804, 0.619608, 0.0313726, 1 )
position = Vector2( -65, 0 )
rotation = 1.89336
scale = Vector2( 4, 6 )
offset = Vector2( 0.5, -6 )
frame = 49

[node name="Lower_Right" parent="." index="5" instance=ExtResource( 3 )]
modulate = Color( 0.0509804, 0.619608, 0.0313726, 1 )
position = Vector2( 65, 0 )
rotation = -1.90009
scale = Vector2( 4, 6 )
offset = Vector2( 0.5, -6 )
frame = 49

[node name="Right_Cheek" parent="." index="6" instance=ExtResource( 3 )]
modulate = Color( 0.93, 0.885825, 0.0465, 1 )
position = Vector2( 65, 0 )
scale = Vector2( 2, 2 )
frame = 260

[node name="Left_Cheek" parent="." index="7" instance=ExtResource( 3 )]
modulate = Color( 0.93, 0.885825, 0.0465, 1 )
position = Vector2( -65, 0 )
scale = Vector2( 2, 2 )
frame = 260

[node name="Anim" type="AnimationPlayer" parent="." index="8"]
autoplay = "Loop"
anims/Loop = SubResource( 2 )
