[gd_scene load_steps=5 format=2]

[ext_resource path="res://Map/Base_Room/Base_Room.tscn" type="PackedScene" id=1]
[ext_resource path="res://Assets/Tilesheet/monochrome_transparent.png" type="Texture" id=2]
[ext_resource path="res://Entities/Enemies/Bee/Bee.tscn" type="PackedScene" id=3]
[ext_resource path="res://Entities/Enemies/Scorpion/Scorpion.tscn" type="PackedScene" id=4]

[node name="Test_Room" instance=ExtResource( 1 )]

[node name="Walls" parent="." index="0"]
modulate = Color( 0.560784, 0.541176, 0.0313726, 1 )

[node name="Ornaments" type="Node2D" parent="." index="1"]

[node name="Sprite" type="Sprite" parent="Ornaments" index="0"]
modulate = Color( 0.921569, 0.890196, 0.431373, 1 )
position = Vector2( 204.65, 138.055 )
scale = Vector2( 4, 4 )
texture = ExtResource( 2 )
vframes = 22
hframes = 48
frame = 1

[node name="Sprite4" type="Sprite" parent="Ornaments" index="1"]
modulate = Color( 0.921569, 0.890196, 0.431373, 1 )
position = Vector2( 1000, 138.055 )
scale = Vector2( 4, 4 )
texture = ExtResource( 2 )
vframes = 22
hframes = 48
frame = 1

[node name="Sprite2" type="Sprite" parent="Ornaments" index="2"]
modulate = Color( 0.388235, 0.635294, 0.219608, 1 )
position = Vector2( 370.508, 194.287 )
scale = Vector2( 5, 5 )
texture = ExtResource( 2 )
vframes = 22
hframes = 48
frame = 55

[node name="Sprite9" type="Sprite" parent="Ornaments" index="3"]
modulate = Color( 0.388235, 0.635294, 0.219608, 1 )
position = Vector2( 915.408, 332.194 )
scale = Vector2( 5, 5 )
texture = ExtResource( 2 )
vframes = 22
hframes = 48
frame = 55

[node name="Sprite3" type="Sprite" parent="Ornaments" index="4"]
modulate = Color( 0.921569, 0.890196, 0.431373, 1 )
position = Vector2( 270.057, 400 )
scale = Vector2( 4, 4 )
texture = ExtResource( 2 )
vframes = 22
hframes = 48
frame = 1

[node name="Sprite6" type="Sprite" parent="Ornaments" index="5"]
position = Vector2( 192.55, 245.407 )
scale = Vector2( 4, 4 )
texture = ExtResource( 2 )
vframes = 22
hframes = 48
frame = 720

[node name="Sprite7" type="Sprite" parent="Ornaments" index="6"]
position = Vector2( 992.956, 504.029 )
scale = Vector2( 4, 4 )
texture = ExtResource( 2 )
vframes = 22
hframes = 48
frame = 720

[node name="Sprite8" type="Sprite" parent="Ornaments" index="7"]
position = Vector2( 1083.47, 269.269 )
scale = Vector2( 4, 4 )
texture = ExtResource( 2 )
vframes = 22
hframes = 48
frame = 720

[node name="Scorpion" parent="Enemies" index="0" instance=ExtResource( 4 )]
position = Vector2( 1128, 154 )

[node name="Bee" parent="Enemies" index="1" instance=ExtResource( 3 )]
position = Vector2( 352, 504 )

[node name="Bee2" parent="Enemies" index="2" instance=ExtResource( 3 )]
position = Vector2( 1004, 530 )

[node name="Scorpion2" parent="Enemies" index="3" instance=ExtResource( 4 )]
position = Vector2( 452, 252 )
