[gd_scene load_steps=6 format=2]

[ext_resource path="res://Entities/Enemies/Scorpion/Scorpion.tscn" type="PackedScene" id=1]
[ext_resource path="res://Assets/Tilesheet/monochrome_transparent.png" type="Texture" id=2]
[ext_resource path="res://Map/Base_Room/Base_Room.tscn" type="PackedScene" id=3]
[ext_resource path="res://Entities/Enemies/Bee/Bee.tscn" type="PackedScene" id=4]
[ext_resource path="res://Entities/Enemies/Bat/Bat.tscn" type="PackedScene" id=5]

[node name="Test_Room" instance=ExtResource( 3 )]

[node name="Walls" parent="." index="0"]
modulate = Color( 0.490196, 0.466667, 0, 1 )

[node name="Ornaments" type="Node2D" parent="." index="1"]
modulate = Color( 1, 1, 1, 0.690196 )

[node name="Sprite" type="Sprite" parent="Ornaments" index="0"]
modulate = Color( 0.67451, 0.635294, 0, 1 )
position = Vector2( 204.65, 138.055 )
scale = Vector2( 4, 4 )
texture = ExtResource( 2 )
vframes = 22
hframes = 48
frame = 1

[node name="Sprite4" type="Sprite" parent="Ornaments" index="1"]
modulate = Color( 0.67451, 0.635294, 0, 1 )
position = Vector2( 1000, 138.055 )
scale = Vector2( 4, 4 )
texture = ExtResource( 2 )
vframes = 22
hframes = 48
frame = 1

[node name="Sprite5" type="Sprite" parent="Ornaments" index="2"]
modulate = Color( 0.67451, 0.635294, 0, 1 )
position = Vector2( 965, 360 )
scale = Vector2( 4, 4 )
texture = ExtResource( 2 )
vframes = 22
hframes = 48
frame = 1

[node name="Sprite2" type="Sprite" parent="Ornaments" index="3"]
modulate = Color( 0.67451, 0.635294, 0, 1 )
position = Vector2( 94.6941, 619.78 )
scale = Vector2( 4, 4 )
texture = ExtResource( 2 )
vframes = 22
hframes = 48
frame = 1

[node name="Sprite3" type="Sprite" parent="Ornaments" index="4"]
modulate = Color( 0.67451, 0.635294, 0, 1 )
position = Vector2( 270.057, 400 )
scale = Vector2( 4, 4 )
texture = ExtResource( 2 )
vframes = 22
hframes = 48
frame = 1

[node name="Sprite6" type="Sprite" parent="Ornaments" index="5"]
modulate = Color( 0.792157, 0.792157, 0.792157, 1 )
position = Vector2( 192.55, 245.407 )
scale = Vector2( 4, 4 )
texture = ExtResource( 2 )
vframes = 22
hframes = 48
frame = 720

[node name="Sprite7" type="Sprite" parent="Ornaments" index="6"]
position = Vector2( 992.956, 504.029 )
scale = Vector2( 4, 4 )
texture = ExtResource( 2 )
vframes = 22
hframes = 48
frame = 720

[node name="Sprite8" type="Sprite" parent="Ornaments" index="7"]
position = Vector2( 1083.47, 269.269 )
scale = Vector2( 4, 4 )
texture = ExtResource( 2 )
vframes = 22
hframes = 48
frame = 720

[node name="Bee" parent="Enemies" index="0" instance=ExtResource( 4 )]
position = Vector2( 352, 504 )

[node name="Bee2" parent="Enemies" index="1" instance=ExtResource( 4 )]
position = Vector2( 1004, 530 )

[node name="Scorpion2" parent="Enemies" index="2" instance=ExtResource( 1 )]
position = Vector2( 452, 252 )

[node name="Bat" parent="Enemies" index="3" instance=ExtResource( 5 )]
position = Vector2( 947.65, 181.224 )
