[gd_scene load_steps=8 format=2]

[ext_resource path="res://Assets/Tilesheet/monochrome_transparent.png" type="Texture" id=1]
[ext_resource path="res://Entities/Boss/Pieces/Base/Base_Hand/Base_Hand.tscn" type="PackedScene" id=2]
[ext_resource path="res://Entities/Boss/Pieces/Hands/Test_Hand/Attacker.gd" type="Script" id=3]

[sub_resource type="CircleShape2D" id=1]
radius = 39.8773

[sub_resource type="Animation" id=2]
resource_name = "Grab"
length = 2.0
step = 0.05
tracks/0/type = "value"
tracks/0/path = NodePath("Palm/Thumb_Connector:rotation_degrees")
tracks/0/interp = 1
tracks/0/loop_wrap = true
tracks/0/imported = false
tracks/0/enabled = true
tracks/0/keys = {
"times": PoolRealArray( 0, 0.8, 1, 2 ),
"transitions": PoolRealArray( 1, 1, 1, 1 ),
"update": 0,
"values": [ 34.9954, 34.9954, -23.6032, -15.79 ]
}
tracks/1/type = "value"
tracks/1/path = NodePath("Palm:rotation_degrees")
tracks/1/interp = 1
tracks/1/loop_wrap = true
tracks/1/imported = false
tracks/1/enabled = true
tracks/1/keys = {
"times": PoolRealArray( 0, 0.8, 1, 2 ),
"transitions": PoolRealArray( 1, 1, 1, 1 ),
"update": 0,
"values": [ 0.0, 0.0, 13.3198, 11.5439 ]
}
tracks/2/type = "value"
tracks/2/path = NodePath("Palm/Thumb_Connector/Thumb:rotation_degrees")
tracks/2/interp = 1
tracks/2/loop_wrap = true
tracks/2/imported = false
tracks/2/enabled = true
tracks/2/keys = {
"times": PoolRealArray( 0, 0.8, 1, 2 ),
"transitions": PoolRealArray( 1, 1, 1, 1 ),
"update": 0,
"values": [ 56.4225, 56.4225, -52.9683, -38.3829 ]
}
tracks/3/type = "value"
tracks/3/path = NodePath("Palm/Lower_Connector:rotation_degrees")
tracks/3/interp = 1
tracks/3/loop_wrap = true
tracks/3/imported = false
tracks/3/enabled = true
tracks/3/keys = {
"times": PoolRealArray( 0, 0.8, 1, 2 ),
"transitions": PoolRealArray( 1, 1, 1, 1 ),
"update": 0,
"values": [ -65.6779, -65.6779, 24.648, 12.6046 ]
}
tracks/4/type = "value"
tracks/4/path = NodePath("Palm/Lower_Connector/Lower:rotation_degrees")
tracks/4/interp = 1
tracks/4/loop_wrap = true
tracks/4/imported = false
tracks/4/enabled = true
tracks/4/keys = {
"times": PoolRealArray( 0, 0.8, 1, 2 ),
"transitions": PoolRealArray( 1, 1, 1, 1 ),
"update": 0,
"values": [ -7.5263, -7.5263, 61.1212, 51.9682 ]
}
tracks/5/type = "value"
tracks/5/path = NodePath("Palm/Lower_Connector/Lower/Lower_Tip:rotation_degrees")
tracks/5/interp = 1
tracks/5/loop_wrap = true
tracks/5/imported = false
tracks/5/enabled = true
tracks/5/keys = {
"times": PoolRealArray( 0, 0.8, 1, 2 ),
"transitions": PoolRealArray( 1, 1, 1, 1 ),
"update": 0,
"values": [ -42.3757, -42.3757, 27.3107, 18.0192 ]
}
tracks/6/type = "value"
tracks/6/path = NodePath("Palm/Thumb_Connector/Thumb/Thumb_Tip/Thumb_T:rotation_degrees")
tracks/6/interp = 1
tracks/6/loop_wrap = true
tracks/6/imported = false
tracks/6/enabled = true
tracks/6/keys = {
"times": PoolRealArray( 0, 0.8, 1, 2 ),
"transitions": PoolRealArray( 1, 1, 1, 1 ),
"update": 0,
"values": [ 82.4516, 82.4516, 15.7112, 24.6099 ]
}
tracks/7/type = "value"
tracks/7/path = NodePath("Palm/Upper_Connector:rotation_degrees")
tracks/7/interp = 1
tracks/7/loop_wrap = true
tracks/7/imported = false
tracks/7/enabled = true
tracks/7/keys = {
"times": PoolRealArray( 0, 0.8, 1, 2 ),
"transitions": PoolRealArray( 1, 1, 1, 1 ),
"update": 0,
"values": [ -79.8196, -79.8196, 4.25083, -6.95856 ]
}
tracks/8/type = "value"
tracks/8/path = NodePath("Palm/Upper_Connector/Upper:rotation_degrees")
tracks/8/interp = 1
tracks/8/loop_wrap = true
tracks/8/imported = false
tracks/8/enabled = true
tracks/8/keys = {
"times": PoolRealArray( 0, 0.8, 1, 2 ),
"transitions": PoolRealArray( 1, 1, 1, 1 ),
"update": 0,
"values": [ 12.3946, 12.3946, 55.8692, 50.0726 ]
}
tracks/9/type = "value"
tracks/9/path = NodePath("Palm/Upper_Connector/Upper/Upper_Tip:rotation_degrees")
tracks/9/interp = 1
tracks/9/loop_wrap = true
tracks/9/imported = false
tracks/9/enabled = true
tracks/9/keys = {
"times": PoolRealArray( 0, 0.8, 1, 2 ),
"transitions": PoolRealArray( 1, 1, 1, 1 ),
"update": 0,
"values": [ -4.22941, -4.22941, 43.8082, 37.4032 ]
}
tracks/10/type = "value"
tracks/10/path = NodePath("Hitbox/area:disabled")
tracks/10/interp = 1
tracks/10/loop_wrap = true
tracks/10/imported = false
tracks/10/enabled = true
tracks/10/keys = {
"times": PoolRealArray( 0, 0.85, 0.9, 1, 1.05, 2 ),
"transitions": PoolRealArray( 1, 1, 1, 1, 1, 1 ),
"update": 1,
"values": [ true, true, false, false, true, true ]
}

[sub_resource type="Animation" id=3]
length = 3.0
loop = true
tracks/0/type = "value"
tracks/0/path = NodePath("Palm/Thumb_Connector:rotation_degrees")
tracks/0/interp = 2
tracks/0/loop_wrap = true
tracks/0/imported = false
tracks/0/enabled = true
tracks/0/keys = {
"times": PoolRealArray( 0, 1, 2 ),
"transitions": PoolRealArray( 1, 1, 1 ),
"update": 0,
"values": [ 16.5732, 4.43117, 23.0903 ]
}
tracks/1/type = "value"
tracks/1/path = NodePath("Palm/Thumb_Connector/Thumb:rotation_degrees")
tracks/1/interp = 2
tracks/1/loop_wrap = true
tracks/1/imported = false
tracks/1/enabled = true
tracks/1/keys = {
"times": PoolRealArray( 0.1, 1.1, 2.1 ),
"transitions": PoolRealArray( 1, 1, 1 ),
"update": 0,
"values": [ 10.5495, -4.43138, -23.7496 ]
}
tracks/2/type = "value"
tracks/2/path = NodePath("Palm/Lower_Connector:rotation_degrees")
tracks/2/interp = 2
tracks/2/loop_wrap = true
tracks/2/imported = false
tracks/2/enabled = true
tracks/2/keys = {
"times": PoolRealArray( 0.4, 1.4, 2.3 ),
"transitions": PoolRealArray( 1, 1, 1 ),
"update": 0,
"values": [ -18.9046, 3.7096, -49.8617 ]
}
tracks/3/type = "value"
tracks/3/path = NodePath("Palm/Lower_Connector/Lower:rotation_degrees")
tracks/3/interp = 2
tracks/3/loop_wrap = true
tracks/3/imported = false
tracks/3/enabled = true
tracks/3/keys = {
"times": PoolRealArray( 0.6, 1.6, 2.5 ),
"transitions": PoolRealArray( 1, 1, 1 ),
"update": 0,
"values": [ 7.84467, 74.4279, 83.087 ]
}
tracks/4/type = "value"
tracks/4/path = NodePath("Palm/Upper_Connector:rotation_degrees")
tracks/4/interp = 2
tracks/4/loop_wrap = true
tracks/4/imported = false
tracks/4/enabled = true
tracks/4/keys = {
"times": PoolRealArray( 0.4, 1.4, 2.4 ),
"transitions": PoolRealArray( 1, 1, 1 ),
"update": 0,
"values": [ -1.56114, -20.1052, 23.0044 ]
}
tracks/5/type = "value"
tracks/5/path = NodePath("Palm/Upper_Connector/Upper:rotation_degrees")
tracks/5/interp = 2
tracks/5/loop_wrap = true
tracks/5/imported = false
tracks/5/enabled = true
tracks/5/keys = {
"times": PoolRealArray( 0.2, 1.2, 2.2 ),
"transitions": PoolRealArray( 1, 1, 1 ),
"update": 0,
"values": [ 70.9534, 14.0643, 54.4149 ]
}
tracks/6/type = "value"
tracks/6/path = NodePath("Palm/Upper_Connector/Upper/Upper_Tip:rotation_degrees")
tracks/6/interp = 2
tracks/6/loop_wrap = true
tracks/6/imported = false
tracks/6/enabled = true
tracks/6/keys = {
"times": PoolRealArray( 0.4, 1.4, 2.4 ),
"transitions": PoolRealArray( 1, 1, 1 ),
"update": 0,
"values": [ 60.7641, -0.440826, 37.6342 ]
}
tracks/7/type = "value"
tracks/7/path = NodePath("Palm/Lower_Connector/Lower/Lower_Tip:rotation_degrees")
tracks/7/interp = 2
tracks/7/loop_wrap = true
tracks/7/imported = false
tracks/7/enabled = true
tracks/7/keys = {
"times": PoolRealArray( 0.6, 1.6, 2.6 ),
"transitions": PoolRealArray( 1, 1, 1 ),
"update": 0,
"values": [ -30.7697, 28.3026, 24.4369 ]
}
tracks/8/type = "value"
tracks/8/path = NodePath("Palm/Thumb_Connector/Thumb/Thumb_Tip:rotation_degrees")
tracks/8/interp = 1
tracks/8/loop_wrap = true
tracks/8/imported = false
tracks/8/enabled = true
tracks/8/keys = {
"times": PoolRealArray( 0.2, 1.2, 2.2 ),
"transitions": PoolRealArray( 1, 1, 1 ),
"update": 0,
"values": [ 29.0972, 0.46036, -27.8292 ]
}

[sub_resource type="CircleShape2D" id=4]
radius = 62.5853

[node name="Test_Hand" instance=ExtResource( 2 )]
collision_mask = 7
max_health = 15

[node name="Body" parent="." index="0"]
position = Vector2( 30.3632, -7 )
shape = SubResource( 1 )

[node name="Palm" parent="." index="1"]
position = Vector2( 21.3632, 0 )
rotation = 0.223176

[node name="Thumb_Connector" parent="Palm" index="0"]
modulate = Color( 0.8, 0.8, 0.8, 1 )
rotation = 0.289257

[node name="Thumb_C" type="Sprite" parent="Palm/Thumb_Connector" index="0"]
modulate = Color( 0.23, 1, 0.8075, 1 )
rotation = -2.96706
scale = Vector2( 1.3, 1.3 )
texture = ExtResource( 1 )
offset = Vector2( 3, -3 )
vframes = 22
hframes = 48
frame = 281

[node name="Thumb" parent="Palm/Thumb_Connector" index="1"]
rotation = 0.154883

[node name="Thumb" type="Sprite" parent="Palm/Thumb_Connector/Thumb" index="0"]
modulate = Color( 0.23, 1, 0.8075, 1 )
rotation = 2.0944
scale = Vector2( 1.3, 1.3 )
texture = ExtResource( 1 )
offset = Vector2( 3, -3 )
vframes = 22
hframes = 48
frame = 281

[node name="Thumb_Tip" parent="Palm/Thumb_Connector/Thumb" index="1"]
rotation = 0.309131

[node name="Thumb_T" type="Sprite" parent="Palm/Thumb_Connector/Thumb/Thumb_Tip" index="0"]
modulate = Color( 0.23, 1, 0.8075, 1 )
rotation = 0.320806
scale = Vector2( 0.7, 0.7 )
texture = ExtResource( 1 )
offset = Vector2( 3, -3 )
vframes = 22
hframes = 48
frame = 320

[node name="Upper_Connector" parent="Palm" index="1"]
modulate = Color( 0.7, 0.7, 0.7, 1 )
rotation = 0.193381

[node name="Upper_C" type="Sprite" parent="Palm/Upper_Connector" index="0"]
modulate = Color( 0.23, 1, 0.8075, 1 )
rotation = 3.92687
scale = Vector2( -1.3, 1.3 )
texture = ExtResource( 1 )
offset = Vector2( 4.5, -4.7 )
vframes = 22
hframes = 48
frame = 284

[node name="Upper" parent="Palm/Upper_Connector" index="1"]
rotation = 1.26931

[node name="Upper" type="Sprite" parent="Palm/Upper_Connector/Upper" index="0"]
modulate = Color( 0.23, 1, 0.8075, 1 )
rotation = 1.0472
scale = Vector2( 1.3, -1.3 )
texture = ExtResource( 1 )
offset = Vector2( 4.5, -4.7 )
vframes = 22
hframes = 48
frame = 284

[node name="Upper_Tip" parent="Palm/Upper_Connector/Upper" index="1"]
rotation = 1.01756

[node name="Upper_Tip" type="Sprite" parent="Palm/Upper_Connector/Upper/Upper_Tip" index="0"]
modulate = Color( 0.23, 1, 0.8075, 1 )
rotation = -4.26413
scale = Vector2( 0.7, -0.7 )
texture = ExtResource( 1 )
offset = Vector2( 4.5, -4.7 )
vframes = 22
hframes = 48
frame = 323

[node name="Lower_Connector" parent="Palm" index="2"]
rotation = -0.577771

[node name="Lower_C" type="Sprite" parent="Palm/Lower_Connector" index="0"]
modulate = Color( 0.23, 1, 0.8075, 1 )
rotation = 0.785398
scale = Vector2( 1.3, -1.3 )
texture = ExtResource( 1 )
offset = Vector2( 4.5, -4.7 )
vframes = 22
hframes = 48
frame = 284

[node name="Lower" parent="Palm/Lower_Connector" index="1"]
rotation = 0.812757

[node name="Lower" type="Sprite" parent="Palm/Lower_Connector/Lower" index="0"]
modulate = Color( 0.23, 1, 0.8075, 1 )
rotation = 1.22173
scale = Vector2( 1.3, -1.3 )
texture = ExtResource( 1 )
offset = Vector2( 4.5, -4.7 )
vframes = 22
hframes = 48
frame = 284

[node name="Lower_Tip" parent="Palm/Lower_Connector/Lower" index="1"]
rotation = 0.00986838

[node name="Lower_Tip" type="Sprite" parent="Palm/Lower_Connector/Lower/Lower_Tip" index="0"]
modulate = Color( 0.23, 1, 0.8075, 1 )
rotation = -3.56796
scale = Vector2( 0.7, -0.7 )
texture = ExtResource( 1 )
offset = Vector2( 4.5, -4.7 )
vframes = 22
hframes = 48
frame = 323

[node name="Palm" type="Sprite" parent="Palm" index="3"]
modulate = Color( 0.23, 1, 0.8075, 1 )
position = Vector2( 3, -3 )
rotation = -3.14159
scale = Vector2( 1.5, 1.5 )
texture = ExtResource( 1 )
vframes = 22
hframes = 48
frame = 430

[node name="Anim" type="AnimationPlayer" parent="." index="2"]
autoplay = "Idle"
anims/Grab = SubResource( 2 )
anims/Idle = SubResource( 3 )

[node name="Hitbox" type="Area2D" parent="." index="3"]
position = Vector2( 15, 75 )
monitorable = false
collision_layer = 0

[node name="area" type="CollisionShape2D" parent="Hitbox" index="0"]
shape = SubResource( 4 )
disabled = true

[node name="Attacker" type="Node2D" parent="." index="4"]
script = ExtResource( 3 )
[connection signal="animation_finished" from="Anim" to="Attacker" method="_on_Anim_animation_finished"]
[connection signal="body_entered" from="Hitbox" to="Attacker" method="_on_Hitbox_body_entered"]
