[gd_scene load_steps=8 format=2]

[ext_resource path="res://Assets/Tilesheet/monochrome_transparent.png" type="Texture" id=1]
[ext_resource path="res://Entities/Guns/Crossbow/CrossbowBolt.gd" type="Script" id=2]

[sub_resource type="RectangleShape2D" id=1]
extents = Vector2( 40, 10 )

[sub_resource type="Gradient" id=2]
offsets = PoolRealArray( 0, 0.575758, 1 )
colors = PoolColorArray( 1, 1, 1, 1, 1, 1, 1, 1, 1, 1, 1, 0 )

[sub_resource type="GradientTexture" id=3]
gradient = SubResource( 2 )

[sub_resource type="ParticlesMaterial" id=4]
emission_shape = 1
emission_sphere_radius = 5.0
flag_disable_z = true
direction = Vector3( -1, 0, 0 )
gravity = Vector3( 0, 0, 0 )
initial_velocity = 300.0
initial_velocity_random = 0.3
orbit_velocity = 0.0
orbit_velocity_random = 0.0
scale = 5.0
color_ramp = SubResource( 3 )

[sub_resource type="Animation" id=5]
resource_name = "die"
length = 0.25
step = 0.05
tracks/0/type = "value"
tracks/0/path = NodePath("Particles2D:emitting")
tracks/0/interp = 1
tracks/0/loop_wrap = true
tracks/0/imported = false
tracks/0/enabled = true
tracks/0/keys = {
"times": PoolRealArray( 0 ),
"transitions": PoolRealArray( 1 ),
"update": 1,
"values": [ true ]
}
tracks/1/type = "value"
tracks/1/path = NodePath("Sprite:scale")
tracks/1/interp = 1
tracks/1/loop_wrap = true
tracks/1/imported = false
tracks/1/enabled = true
tracks/1/keys = {
"times": PoolRealArray( 0, 0.15 ),
"transitions": PoolRealArray( 1, 1 ),
"update": 0,
"values": [ Vector2( 5, 5 ), Vector2( 8, 8 ) ]
}
tracks/2/type = "value"
tracks/2/path = NodePath("Sprite:modulate")
tracks/2/interp = 1
tracks/2/loop_wrap = true
tracks/2/imported = false
tracks/2/enabled = true
tracks/2/keys = {
"times": PoolRealArray( 0, 0.15 ),
"transitions": PoolRealArray( 1, 1 ),
"update": 0,
"values": [ Color( 0.627451, 0.576471, 0.541176, 1 ), Color( 0.627451, 0.576471, 0.541176, 0 ) ]
}
tracks/3/type = "method"
tracks/3/path = NodePath(".")
tracks/3/interp = 1
tracks/3/loop_wrap = true
tracks/3/imported = false
tracks/3/enabled = true
tracks/3/keys = {
"times": PoolRealArray( 0.25 ),
"transitions": PoolRealArray( 1 ),
"values": [ {
"args": [  ],
"method": "queue_free"
} ]
}

[node name="CrossbowBolt" type="Node2D"]
script = ExtResource( 2 )

[node name="Sprite" type="Sprite" parent="."]
modulate = Color( 0.627451, 0.576471, 0.541176, 1 )
rotation = 0.785398
scale = Vector2( 5, 5 )
texture = ExtResource( 1 )
vframes = 22
hframes = 48
frame = 280

[node name="Area2D" type="Area2D" parent="."]
collision_layer = 8
collision_mask = 6

[node name="CollisionShape2D" type="CollisionShape2D" parent="Area2D"]
shape = SubResource( 1 )

[node name="VisibilityNotifier2D" type="VisibilityNotifier2D" parent="."]
rect = Rect2( -40, -10, 80, 20 )

[node name="Particles2D" type="Particles2D" parent="."]
position = Vector2( 37, 0 )
emitting = false
amount = 10
lifetime = 0.25
one_shot = true
explosiveness = 1.0
process_material = SubResource( 4 )

[node name="AnimationPlayer" type="AnimationPlayer" parent="."]
anims/die = SubResource( 5 )
[connection signal="body_entered" from="Area2D" to="." method="_on_Area2D_body_entered"]
[connection signal="screen_exited" from="VisibilityNotifier2D" to="." method="_on_VisibilityNotifier2D_screen_exited"]
